<record><leader>00000cas a22000007a 4500</leader><controlfield tag="001">11190183</controlfield><controlfield tag="008">840924d18851888ksuwr ne      0   a0eng d</controlfield><controlfield tag="009">3789</controlfield><datafield ind1=" " ind2=" " tag="010"><subfield code="a">sn 84029637 </subfield></datafield><datafield ind1=" " ind2=" " tag="040"><subfield code="a">KSH</subfield><subfield code="b">eng</subfield><subfield code="c">KSH</subfield><subfield code="d">NPT</subfield><subfield code="d">MGN</subfield></datafield><datafield ind1=" " ind2=" " tag="042"><subfield code="a">msc</subfield></datafield><datafield ind1="0" ind2="4" tag="245"><subfield code="a">The Lawrence tribune.</subfield></datafield><datafield ind1=" " ind2=" " tag="260"><subfield code="a">Lawrence, Kan. :</subfield><subfield code="b">W.F. Chalfant,</subfield><subfield code="c">1885-1888.</subfield></datafield><datafield ind1=" " ind2=" " tag="300"><subfield code="a">3 v. :</subfield><subfield code="b">ill. ;</subfield><subfield code="c">56-70 cm.</subfield></datafield><datafield ind1=" " ind2=" " tag="310"><subfield code="a">Weekly</subfield></datafield><datafield ind1="0" ind2=" " tag="362"><subfield code="a">No. 33 (July 24, 1885)-no. 52 (Dec. 28, 1888).</subfield></datafield><datafield ind1=" " ind2=" " tag="500"><subfield code="a">Published by: W.F. Chalfant &amp; Son, June 8-July 20, 1888; Tribune Pub. Co., July 27-Aug. 10, 1888; Chas. F. Scott, Aug. 17-Dec. 31, 1888.</subfield></datafield><datafield ind1=" " ind2=" " tag="500"><subfield code="a">"Republican in politics," Aug. 17, 1888- .</subfield></datafield><datafield ind1=" " ind2=" " tag="580"><subfield code="a">Also issued in daily edition called: Daily herald and tribune, July 24, 1885-May 13, 1886; Evening tribune (Lawrence, Kan. : 1886), May 14, 1886-July 20, 1888; Evening tribune and evening telegram, July 21-Aug. 13, 1888; Evening tribune (Lawrence, Kan. : 1888), Aug. 14-Dec. 28, 1888.</subfield></datafield><datafield ind1=" " ind2=" " tag="752"><subfield code="a">United States</subfield><subfield code="b">Kansas</subfield><subfield code="c">Douglas</subfield><subfield code="d">Lawrence.</subfield></datafield><datafield ind1="1" ind2=" " tag="775"><subfield code="t">Daily herald-tribune</subfield><subfield code="w">(DLC)sn 86064062</subfield></datafield><datafield ind1="1" ind2=" " tag="775"><subfield code="t">Evening tribune (Lawrence, Kan. : 1886)</subfield><subfield code="w">(DLC)sn 84029602</subfield></datafield><datafield ind1="1" ind2=" " tag="775"><subfield code="t">Evening tribune and evening telegram</subfield><subfield code="w">(DLC)sn 84029577</subfield></datafield><datafield ind1="1" ind2=" " tag="775"><subfield code="t">Evening tribune (Lawrence, Kan. : 1888)</subfield><subfield code="w">(DLC)sn 84029612</subfield></datafield><datafield ind1="0" ind2="0" tag="780"><subfield code="t">Weekly herald and tribune</subfield><subfield code="w">(DLC)sn 84029636</subfield></datafield><datafield ind1="0" ind2="4" tag="785"><subfield code="t">Lawrence weekly journal (Lawrence, Kan. : 1885)</subfield><subfield code="w">(DLC)sn 84029556</subfield></datafield></record>